@book{taylor1997,
author = "John R. Taylor",
edition = "2",
isbn = "9780935702422",
publisher = "University Science Books,U.S.",
address = "United States",
title = "An introduction to error analysis: The study of uncertainties in physical measurements",
year = "1997",
month = "07",
day = "14"
}
